@inproceedings{pri-var,
    author = "А.C. Колганов and Н.Н. Королев",
    title = "Статический анализ приватных переменных в системе автоматизированного распараллеливания Фортран-программ",
    url = "http://omega.sp.susu.ru/pavt2018/short/018.pdf",
    booktitle = {Параллельные вычислительные технологии (ПаВТ{’}2018)},
}

@book{dragonbook,
    title = {Компиляторы: принципы, технологии и инструментарий, 2-е изд.},
    author = {Ахо, Альфред В. and Лам, Моника С. and Рави Сети and Джеффри Д. Ульман},
    year = {2006}
}

@online{sage,
    title = "Библиотека Sage++",
    url  = "http://www.extreme.indiana.edu/sage/"
}

@online{npb,
    title = "NAS Parallel Benchmarks",
    url  = "https://www.nas.nasa.gov/software/npb.html"
}